@article {
	Shannon1948,
	title = "A Mathematical Theory of Communication",
	journal = "The Bell System Technical Journal",
	volume = "27",
	pages = "379--423, 623--656",
	year = "1948",
	author = "Claude Elwood Shannon",
}
